%YAML 1.1
%TAG !u! tag:unity3d.com,2011:
--- !u!1 &5672210158555020787
GameObject:
  m_ObjectHideFlags: 0
  m_CorrespondingSourceObject: {fileID: 0}
  m_PrefabInstance: {fileID: 0}
  m_PrefabAsset: {fileID: 0}
  serializedVersion: 6
  m_Component:
  - component: {fileID: 5672210158555020786}
  - component: {fileID: 5672210158555020791}
  - component: {fileID: 5672210158555020788}
  - component: {fileID: 5672210158555020789}
  - component: {fileID: 5672210158555020790}
  - component: {fileID: 5672210158555020793}
  - component: {fileID: 5672210158555020792}
  - component: {fileID: 5672210158555020795}
  - component: {fileID: 5672210158555020794}
  m_Layer: 0
  m_Name: Enemy
  m_TagString: Enemy
  m_Icon: {fileID: 0}
  m_NavMeshLayer: 0
  m_StaticEditorFlags: 0
  m_IsActive: 1
--- !u!4 &5672210158555020786
Transform:
  m_ObjectHideFlags: 0
  m_CorrespondingSourceObject: {fileID: 0}
  m_PrefabInstance: {fileID: 0}
  m_PrefabAsset: {fileID: 0}
  m_GameObject: {fileID: 5672210158555020787}
  m_LocalRotation: {x: -0, y: -0, z: -0, w: 1}
  m_LocalPosition: {x: -9.47, y: -1.552, z: 19.1}
  m_LocalScale: {x: 1, y: 1, z: 1}
  m_Children:
  - {fileID: 5672210158847343894}
  - {fileID: 5672210159216944825}
  - {fileID: 7102542958533423847}
  m_Father: {fileID: 0}
  m_RootOrder: 0
  m_LocalEulerAnglesHint: {x: 0, y: 0, z: 0}
--- !u!33 &5672210158555020791
MeshFilter:
  m_ObjectHideFlags: 0
  m_CorrespondingSourceObject: {fileID: 0}
  m_PrefabInstance: {fileID: 0}
  m_PrefabAsset: {fileID: 0}
  m_GameObject: {fileID: 5672210158555020787}
  m_Mesh: {fileID: 10208, guid: 0000000000000000e000000000000000, type: 0}
--- !u!23 &5672210158555020788
MeshRenderer:
  m_ObjectHideFlags: 0
  m_CorrespondingSourceObject: {fileID: 0}
  m_PrefabInstance: {fileID: 0}
  m_PrefabAsset: {fileID: 0}
  m_GameObject: {fileID: 5672210158555020787}
  m_Enabled: 1
  m_CastShadows: 1
  m_ReceiveShadows: 1
  m_DynamicOccludee: 1
  m_MotionVectors: 1
  m_LightProbeUsage: 1
  m_ReflectionProbeUsage: 1
  m_RayTracingMode: 2
  m_RenderingLayerMask: 1
  m_RendererPriority: 0
  m_Materials:
  - {fileID: 10652, guid: 0000000000000000f000000000000000, type: 0}
  m_StaticBatchInfo:
    firstSubMesh: 0
    subMeshCount: 0
  m_StaticBatchRoot: {fileID: 0}
  m_ProbeAnchor: {fileID: 0}
  m_LightProbeVolumeOverride: {fileID: 0}
  m_ScaleInLightmap: 1
  m_ReceiveGI: 1
  m_PreserveUVs: 0
  m_IgnoreNormalsForChartDetection: 0
  m_ImportantGI: 0
  m_StitchLightmapSeams: 1
  m_SelectedEditorRenderState: 3
  m_MinimumChartSize: 4
  m_AutoUVMaxDistance: 0.5
  m_AutoUVMaxAngle: 89
  m_LightmapParameters: {fileID: 0}
  m_SortingLayerID: 0
  m_SortingLayer: 0
  m_SortingOrder: 0
--- !u!136 &5672210158555020789
CapsuleCollider:
  m_ObjectHideFlags: 0
  m_CorrespondingSourceObject: {fileID: 0}
  m_PrefabInstance: {fileID: 0}
  m_PrefabAsset: {fileID: 0}
  m_GameObject: {fileID: 5672210158555020787}
  m_Material: {fileID: 0}
  m_IsTrigger: 0
  m_Enabled: 1
  m_Radius: 0.75
  m_Height: 3
  m_Direction: 1
  m_Center: {x: 0, y: 0, z: 0}
--- !u!114 &5672210158555020790
MonoBehaviour:
  m_ObjectHideFlags: 0
  m_CorrespondingSourceObject: {fileID: 0}
  m_PrefabInstance: {fileID: 0}
  m_PrefabAsset: {fileID: 0}
  m_GameObject: {fileID: 5672210158555020787}
  m_Enabled: 1
  m_EditorHideFlags: 0
  m_Script: {fileID: 11500000, guid: 96517e541cf348d4fac285ff6faf1d51, type: 3}
  m_Name: 
  m_EditorClassIdentifier: 
  thePlayer: {fileID: 0}
--- !u!114 &5672210158555020793
MonoBehaviour:
  m_ObjectHideFlags: 0
  m_CorrespondingSourceObject: {fileID: 0}
  m_PrefabInstance: {fileID: 0}
  m_PrefabAsset: {fileID: 0}
  m_GameObject: {fileID: 5672210158555020787}
  m_Enabled: 1
  m_EditorHideFlags: 0
  m_Script: {fileID: 11500000, guid: 0d6afd678f530994eb682ca3796bfae6, type: 3}
  m_Name: 
  m_EditorClassIdentifier: 
  hitTag: 
  lookingAtPlayer: 0
  theSoldier: {fileID: 5672210158555020787}
  fireSound: {fileID: 5672210159216944824}
  isFiring: 0
  fireRate: 1
  genHurt: 0
  hurtSound:
  - {fileID: 0}
  - {fileID: 0}
  - {fileID: 0}
  hurtFlash: {fileID: 0}
--- !u!114 &5672210158555020792
MonoBehaviour:
  m_ObjectHideFlags: 0
  m_CorrespondingSourceObject: {fileID: 0}
  m_PrefabInstance: {fileID: 0}
  m_PrefabAsset: {fileID: 0}
  m_GameObject: {fileID: 5672210158555020787}
  m_Enabled: 1
  m_EditorHideFlags: 0
  m_Script: {fileID: 11500000, guid: 1ce17bccf5ed8a24787cb816ea580211, type: 3}
  m_Name: 
  m_EditorClassIdentifier: 
  navMeshAgent: {fileID: 5672210158555020794}
  waypoints:
  - {fileID: 0}
  - {fileID: 0}
--- !u!114 &5672210158555020795
MonoBehaviour:
  m_ObjectHideFlags: 0
  m_CorrespondingSourceObject: {fileID: 0}
  m_PrefabInstance: {fileID: 0}
  m_PrefabAsset: {fileID: 0}
  m_GameObject: {fileID: 5672210158555020787}
  m_Enabled: 1
  m_EditorHideFlags: 0
  m_Script: {fileID: 11500000, guid: 0d2bea745bdd7d740b352b695f2afc8c, type: 3}
  m_Name: 
  m_EditorClassIdentifier: 
  enemyHealth: 20
  enemyDead: 0
  enemyAI: {fileID: 5672210158555020787}
--- !u!195 &5672210158555020794
NavMeshAgent:
  m_ObjectHideFlags: 0
  m_CorrespondingSourceObject: {fileID: 0}
  m_PrefabInstance: {fileID: 0}
  m_PrefabAsset: {fileID: 0}
  m_GameObject: {fileID: 5672210158555020787}
  m_Enabled: 1
  m_AgentTypeID: 0
  m_Radius: 0.5
  m_Speed: 3.5
  m_Acceleration: 8
  avoidancePriority: 50
  m_AngularSpeed: 120
  m_StoppingDistance: 0
  m_AutoTraverseOffMeshLink: 1
  m_AutoBraking: 1
  m_AutoRepath: 1
  m_Height: 2
  m_BaseOffset: 1
  m_WalkableMask: 4294967295
  m_ObstacleAvoidanceType: 4
--- !u!1 &5672210158847343895
GameObject:
  m_ObjectHideFlags: 0
  m_CorrespondingSourceObject: {fileID: 0}
  m_PrefabInstance: {fileID: 0}
  m_PrefabAsset: {fileID: 0}
  serializedVersion: 6
  m_Component:
  - component: {fileID: 5672210158847343894}
  - component: {fileID: 5672210158847343899}
  - component: {fileID: 5672210158847343896}
  - component: {fileID: 5672210158847343897}
  - component: {fileID: 5672210158847343898}
  m_Layer: 0
  m_Name: Head
  m_TagString: Untagged
  m_Icon: {fileID: 0}
  m_NavMeshLayer: 0
  m_StaticEditorFlags: 0
  m_IsActive: 1
--- !u!4 &5672210158847343894
Transform:
  m_ObjectHideFlags: 0
  m_CorrespondingSourceObject: {fileID: 0}
  m_PrefabInstance: {fileID: 0}
  m_PrefabAsset: {fileID: 0}
  m_GameObject: {fileID: 5672210158847343895}
  m_LocalRotation: {x: 0, y: 0, z: 0, w: 1}
  m_LocalPosition: {x: 0, y: 1.56, z: 0}
  m_LocalScale: {x: 0.5, y: 0.5, z: 0.5}
  m_Children: []
  m_Father: {fileID: 5672210158555020786}
  m_RootOrder: 0
  m_LocalEulerAnglesHint: {x: 0, y: 0, z: 0}
--- !u!33 &5672210158847343899
MeshFilter:
  m_ObjectHideFlags: 0
  m_CorrespondingSourceObject: {fileID: 0}
  m_PrefabInstance: {fileID: 0}
  m_PrefabAsset: {fileID: 0}
  m_GameObject: {fileID: 5672210158847343895}
  m_Mesh: {fileID: 10202, guid: 0000000000000000e000000000000000, type: 0}
--- !u!23 &5672210158847343896
MeshRenderer:
  m_ObjectHideFlags: 0
  m_CorrespondingSourceObject: {fileID: 0}
  m_PrefabInstance: {fileID: 0}
  m_PrefabAsset: {fileID: 0}
  m_GameObject: {fileID: 5672210158847343895}
  m_Enabled: 1
  m_CastShadows: 1
  m_ReceiveShadows: 1
  m_DynamicOccludee: 1
  m_MotionVectors: 1
  m_LightProbeUsage: 1
  m_ReflectionProbeUsage: 1
  m_RayTracingMode: 2
  m_RenderingLayerMask: 1
  m_RendererPriority: 0
  m_Materials:
  - {fileID: 10758, guid: 0000000000000000f000000000000000, type: 0}
  m_StaticBatchInfo:
    firstSubMesh: 0
    subMeshCount: 0
  m_StaticBatchRoot: {fileID: 0}
  m_ProbeAnchor: {fileID: 0}
  m_LightProbeVolumeOverride: {fileID: 0}
  m_ScaleInLightmap: 1
  m_ReceiveGI: 1
  m_PreserveUVs: 0
  m_IgnoreNormalsForChartDetection: 0
  m_ImportantGI: 0
  m_StitchLightmapSeams: 1
  m_SelectedEditorRenderState: 3
  m_MinimumChartSize: 4
  m_AutoUVMaxDistance: 0.5
  m_AutoUVMaxAngle: 89
  m_LightmapParameters: {fileID: 0}
  m_SortingLayerID: 0
  m_SortingLayer: 0
  m_SortingOrder: 0
--- !u!65 &5672210158847343897
BoxCollider:
  m_ObjectHideFlags: 0
  m_CorrespondingSourceObject: {fileID: 0}
  m_PrefabInstance: {fileID: 0}
  m_PrefabAsset: {fileID: 0}
  m_GameObject: {fileID: 5672210158847343895}
  m_Material: {fileID: 0}
  m_IsTrigger: 0
  m_Enabled: 1
  serializedVersion: 2
  m_Size: {x: 1, y: 1, z: 1}
  m_Center: {x: 0, y: 0, z: 0}
--- !u!95 &5672210158847343898
Animator:
  serializedVersion: 3
  m_ObjectHideFlags: 0
  m_CorrespondingSourceObject: {fileID: 0}
  m_PrefabInstance: {fileID: 0}
  m_PrefabAsset: {fileID: 0}
  m_GameObject: {fileID: 5672210158847343895}
  m_Enabled: 1
  m_Avatar: {fileID: 0}
  m_Controller: {fileID: 9100000, guid: 2715e352dcd31e0438f29029296da135, type: 2}
  m_CullingMode: 0
  m_UpdateMode: 0
  m_ApplyRootMotion: 0
  m_LinearVelocityBlending: 0
  m_WarningMessage: 
  m_HasTransformHierarchy: 1
  m_AllowConstantClipSamplingOptimization: 1
  m_KeepAnimatorControllerStateOnDisable: 0
--- !u!1 &5672210159216944822
GameObject:
  m_ObjectHideFlags: 0
  m_CorrespondingSourceObject: {fileID: 0}
  m_PrefabInstance: {fileID: 0}
  m_PrefabAsset: {fileID: 0}
  serializedVersion: 6
  m_Component:
  - component: {fileID: 5672210159216944825}
  - component: {fileID: 5672210159216944824}
  m_Layer: 0
  m_Name: FireSound
  m_TagString: Untagged
  m_Icon: {fileID: 0}
  m_NavMeshLayer: 0
  m_StaticEditorFlags: 0
  m_IsActive: 1
--- !u!4 &5672210159216944825
Transform:
  m_ObjectHideFlags: 0
  m_CorrespondingSourceObject: {fileID: 0}
  m_PrefabInstance: {fileID: 0}
  m_PrefabAsset: {fileID: 0}
  m_GameObject: {fileID: 5672210159216944822}
  m_LocalRotation: {x: 0, y: 0, z: 0, w: 1}
  m_LocalPosition: {x: 0, y: 0, z: 0}
  m_LocalScale: {x: 1, y: 1, z: 1}
  m_Children: []
  m_Father: {fileID: 5672210158555020786}
  m_RootOrder: 1
  m_LocalEulerAnglesHint: {x: 0, y: 0, z: 0}
--- !u!82 &5672210159216944824
AudioSource:
  m_ObjectHideFlags: 0
  m_CorrespondingSourceObject: {fileID: 0}
  m_PrefabInstance: {fileID: 0}
  m_PrefabAsset: {fileID: 0}
  m_GameObject: {fileID: 5672210159216944822}
  m_Enabled: 1
  serializedVersion: 4
  OutputAudioMixerGroup: {fileID: 0}
  m_audioClip: {fileID: 8300000, guid: 6f513c7ec0089544f9357fc52cf76682, type: 3}
  m_PlayOnAwake: 0
  m_Volume: 1
  m_Pitch: 1
  Loop: 0
  Mute: 0
  Spatialize: 0
  SpatializePostEffects: 0
  Priority: 128
  DopplerLevel: 1
  MinDistance: 1
  MaxDistance: 20
  Pan2D: 0
  rolloffMode: 1
  BypassEffects: 0
  BypassListenerEffects: 0
  BypassReverbZones: 0
  rolloffCustomCurve:
    serializedVersion: 2
    m_Curve:
    - serializedVersion: 3
      time: 0
      value: 1
      inSlope: 0
      outSlope: 0
      tangentMode: 0
      weightedMode: 0
      inWeight: 0.33333334
      outWeight: 0.33333334
    - serializedVersion: 3
      time: 1
      value: 0
      inSlope: 0
      outSlope: 0
      tangentMode: 0
      weightedMode: 0
      inWeight: 0.33333334
      outWeight: 0.33333334
    m_PreInfinity: 2
    m_PostInfinity: 2
    m_RotationOrder: 4
  panLevelCustomCurve:
    serializedVersion: 2
    m_Curve:
    - serializedVersion: 3
      time: 0
      value: 0
      inSlope: 0
      outSlope: 0
      tangentMode: 0
      weightedMode: 0
      inWeight: 0.33333334
      outWeight: 0.33333334
    m_PreInfinity: 2
    m_PostInfinity: 2
    m_RotationOrder: 4
  spreadCustomCurve:
    serializedVersion: 2
    m_Curve:
    - serializedVersion: 3
      time: 0
      value: 0
      inSlope: 0
      outSlope: 0
      tangentMode: 0
      weightedMode: 0
      inWeight: 0.33333334
      outWeight: 0.33333334
    m_PreInfinity: 2
    m_PostInfinity: 2
    m_RotationOrder: 4
  reverbZoneMixCustomCurve:
    serializedVersion: 2
    m_Curve:
    - serializedVersion: 3
      time: 0
      value: 1
      inSlope: 0
      outSlope: 0
      tangentMode: 0
      weightedMode: 0
      inWeight: 0.33333334
      outWeight: 0.33333334
    m_PreInfinity: 2
    m_PostInfinity: 2
    m_RotationOrder: 4
--- !u!1001 &2430179055311213341
PrefabInstance:
  m_ObjectHideFlags: 0
  serializedVersion: 2
  m_Modification:
    m_TransformParent: {fileID: 7102542958533423847}
    m_Modifications:
    - target: {fileID: 1760432825284292, guid: b92f14dbb1c82874abd7f5b4b5cae9f9, type: 3}
      propertyPath: m_Name
      value: WM_SF_Wp01_c
      objectReference: {fileID: 0}
    - target: {fileID: 4742856013139978, guid: b92f14dbb1c82874abd7f5b4b5cae9f9, type: 3}
      propertyPath: m_RootOrder
      value: 2
      objectReference: {fileID: 0}
    - target: {fileID: 4742856013139978, guid: b92f14dbb1c82874abd7f5b4b5cae9f9, type: 3}
      propertyPath: m_LocalScale.x
      value: 1
      objectReference: {fileID: 0}
    - target: {fileID: 4742856013139978, guid: b92f14dbb1c82874abd7f5b4b5cae9f9, type: 3}
      propertyPath: m_LocalScale.y
      value: 1
      objectReference: {fileID: 0}
    - target: {fileID: 4742856013139978, guid: b92f14dbb1c82874abd7f5b4b5cae9f9, type: 3}
      propertyPath: m_LocalScale.z
      value: 1
      objectReference: {fileID: 0}
    - target: {fileID: 4742856013139978, guid: b92f14dbb1c82874abd7f5b4b5cae9f9, type: 3}
      propertyPath: m_LocalPosition.x
      value: -0.16139984
      objectReference: {fileID: 0}
    - target: {fileID: 4742856013139978, guid: b92f14dbb1c82874abd7f5b4b5cae9f9, type: 3}
      propertyPath: m_LocalPosition.y
      value: 1.3977
      objectReference: {fileID: 0}
    - target: {fileID: 4742856013139978, guid: b92f14dbb1c82874abd7f5b4b5cae9f9, type: 3}
      propertyPath: m_LocalPosition.z
      value: 0.7018995
      objectReference: {fileID: 0}
    - target: {fileID: 4742856013139978, guid: b92f14dbb1c82874abd7f5b4b5cae9f9, type: 3}
      propertyPath: m_LocalRotation.w
      value: 0.9941133
      objectReference: {fileID: 0}
    - target: {fileID: 4742856013139978, guid: b92f14dbb1c82874abd7f5b4b5cae9f9, type: 3}
      propertyPath: m_LocalRotation.x
      value: -0.0006544522
      objectReference: {fileID: 0}
    - target: {fileID: 4742856013139978, guid: b92f14dbb1c82874abd7f5b4b5cae9f9, type: 3}
      propertyPath: m_LocalRotation.y
      value: -0.022375574
      objectReference: {fileID: 0}
    - target: {fileID: 4742856013139978, guid: b92f14dbb1c82874abd7f5b4b5cae9f9, type: 3}
      propertyPath: m_LocalRotation.z
      value: -0.10600761
      objectReference: {fileID: 0}
    - target: {fileID: 4742856013139978, guid: b92f14dbb1c82874abd7f5b4b5cae9f9, type: 3}
      propertyPath: m_LocalEulerAnglesHint.x
      value: -0.34600002
      objectReference: {fileID: 0}
    - target: {fileID: 4742856013139978, guid: b92f14dbb1c82874abd7f5b4b5cae9f9, type: 3}
      propertyPath: m_LocalEulerAnglesHint.y
      value: -2.542
      objectReference: {fileID: 0}
    - target: {fileID: 4742856013139978, guid: b92f14dbb1c82874abd7f5b4b5cae9f9, type: 3}
      propertyPath: m_LocalEulerAnglesHint.z
      value: -12.166
      objectReference: {fileID: 0}
    m_RemovedComponents: []
  m_SourcePrefab: {fileID: 100100000, guid: b92f14dbb1c82874abd7f5b4b5cae9f9, type: 3}
--- !u!1001 &2876667656806570493
PrefabInstance:
  m_ObjectHideFlags: 0
  serializedVersion: 2
  m_Modification:
    m_TransformParent: {fileID: 5672210158555020786}
    m_Modifications:
    - target: {fileID: -4216859302048453862, guid: 320b1c2af77554f99a1658df4a6d3d5c,
        type: 3}
      propertyPath: m_RootOrder
      value: 2
      objectReference: {fileID: 0}
    - target: {fileID: -4216859302048453862, guid: 320b1c2af77554f99a1658df4a6d3d5c,
        type: 3}
      propertyPath: m_LocalScale.x
      value: 2
      objectReference: {fileID: 0}
    - target: {fileID: -4216859302048453862, guid: 320b1c2af77554f99a1658df4a6d3d5c,
        type: 3}
      propertyPath: m_LocalScale.y
      value: 2
      objectReference: {fileID: 0}
    - target: {fileID: -4216859302048453862, guid: 320b1c2af77554f99a1658df4a6d3d5c,
        type: 3}
      propertyPath: m_LocalScale.z
      value: 2
      objectReference: {fileID: 0}
    - target: {fileID: -4216859302048453862, guid: 320b1c2af77554f99a1658df4a6d3d5c,
        type: 3}
      propertyPath: m_LocalPosition.x
      value: 0
      objectReference: {fileID: 0}
    - target: {fileID: -4216859302048453862, guid: 320b1c2af77554f99a1658df4a6d3d5c,
        type: 3}
      propertyPath: m_LocalPosition.y
      value: -1.781
      objectReference: {fileID: 0}
    - target: {fileID: -4216859302048453862, guid: 320b1c2af77554f99a1658df4a6d3d5c,
        type: 3}
      propertyPath: m_LocalPosition.z
      value: 0
      objectReference: {fileID: 0}
    - target: {fileID: -4216859302048453862, guid: 320b1c2af77554f99a1658df4a6d3d5c,
        type: 3}
      propertyPath: m_LocalRotation.w
      value: 1
      objectReference: {fileID: 0}
    - target: {fileID: -4216859302048453862, guid: 320b1c2af77554f99a1658df4a6d3d5c,
        type: 3}
      propertyPath: m_LocalRotation.x
      value: 0
      objectReference: {fileID: 0}
    - target: {fileID: -4216859302048453862, guid: 320b1c2af77554f99a1658df4a6d3d5c,
        type: 3}
      propertyPath: m_LocalRotation.y
      value: 0
      objectReference: {fileID: 0}
    - target: {fileID: -4216859302048453862, guid: 320b1c2af77554f99a1658df4a6d3d5c,
        type: 3}
      propertyPath: m_LocalRotation.z
      value: 0
      objectReference: {fileID: 0}
    - target: {fileID: -4216859302048453862, guid: 320b1c2af77554f99a1658df4a6d3d5c,
        type: 3}
      propertyPath: m_LocalEulerAnglesHint.x
      value: 0
      objectReference: {fileID: 0}
    - target: {fileID: -4216859302048453862, guid: 320b1c2af77554f99a1658df4a6d3d5c,
        type: 3}
      propertyPath: m_LocalEulerAnglesHint.y
      value: 0
      objectReference: {fileID: 0}
    - target: {fileID: -4216859302048453862, guid: 320b1c2af77554f99a1658df4a6d3d5c,
        type: 3}
      propertyPath: m_LocalEulerAnglesHint.z
      value: 0
      objectReference: {fileID: 0}
    - target: {fileID: -927199367670048503, guid: 320b1c2af77554f99a1658df4a6d3d5c,
        type: 3}
      propertyPath: m_Name
      value: Robot Kyle
      objectReference: {fileID: 0}
    - target: {fileID: 1451524595806020157, guid: 320b1c2af77554f99a1658df4a6d3d5c,
        type: 3}
      propertyPath: m_LocalPosition.x
      value: -0.24796547
      objectReference: {fileID: 0}
    - target: {fileID: 1451524595806020157, guid: 320b1c2af77554f99a1658df4a6d3d5c,
        type: 3}
      propertyPath: m_LocalPosition.y
      value: -0.018968524
      objectReference: {fileID: 0}
    - target: {fileID: 1451524595806020157, guid: 320b1c2af77554f99a1658df4a6d3d5c,
        type: 3}
      propertyPath: m_LocalPosition.z
      value: 0.13130713
      objectReference: {fileID: 0}
    - target: {fileID: 1451524595806020157, guid: 320b1c2af77554f99a1658df4a6d3d5c,
        type: 3}
      propertyPath: m_LocalRotation.w
      value: -0.10370608
      objectReference: {fileID: 0}
    - target: {fileID: 1451524595806020157, guid: 320b1c2af77554f99a1658df4a6d3d5c,
        type: 3}
      propertyPath: m_LocalRotation.x
      value: -0.7115444
      objectReference: {fileID: 0}
    - target: {fileID: 1451524595806020157, guid: 320b1c2af77554f99a1658df4a6d3d5c,
        type: 3}
      propertyPath: m_LocalRotation.y
      value: 0.34588602
      objectReference: {fileID: 0}
    - target: {fileID: 1451524595806020157, guid: 320b1c2af77554f99a1658df4a6d3d5c,
        type: 3}
      propertyPath: m_LocalRotation.z
      value: 0.6027542
      objectReference: {fileID: 0}
    - target: {fileID: 1451524595806020157, guid: 320b1c2af77554f99a1658df4a6d3d5c,
        type: 3}
      propertyPath: m_LocalEulerAnglesHint.x
      value: -15.628001
      objectReference: {fileID: 0}
    - target: {fileID: 1451524595806020157, guid: 320b1c2af77554f99a1658df4a6d3d5c,
        type: 3}
      propertyPath: m_LocalEulerAnglesHint.y
      value: -105.161
      objectReference: {fileID: 0}
    - target: {fileID: 1451524595806020157, guid: 320b1c2af77554f99a1658df4a6d3d5c,
        type: 3}
      propertyPath: m_LocalEulerAnglesHint.z
      value: 219.862
      objectReference: {fileID: 0}
    - target: {fileID: 1555423236933452975, guid: 320b1c2af77554f99a1658df4a6d3d5c,
        type: 3}
      propertyPath: m_LocalRotation.w
      value: 0.7070635
      objectReference: {fileID: 0}
    - target: {fileID: 1555423236933452975, guid: 320b1c2af77554f99a1658df4a6d3d5c,
        type: 3}
      propertyPath: m_LocalRotation.x
      value: -0.007824239
      objectReference: {fileID: 0}
    - target: {fileID: 1555423236933452975, guid: 320b1c2af77554f99a1658df4a6d3d5c,
        type: 3}
      propertyPath: m_LocalRotation.y
      value: 0.007824239
      objectReference: {fileID: 0}
    - target: {fileID: 1555423236933452975, guid: 320b1c2af77554f99a1658df4a6d3d5c,
        type: 3}
      propertyPath: m_LocalRotation.z
      value: 0.7070635
      objectReference: {fileID: 0}
    - target: {fileID: 1555423236933452975, guid: 320b1c2af77554f99a1658df4a6d3d5c,
        type: 3}
      propertyPath: m_LocalEulerAnglesHint.x
      value: -1.268
      objectReference: {fileID: 0}
    - target: {fileID: 1555423236933452975, guid: 320b1c2af77554f99a1658df4a6d3d5c,
        type: 3}
      propertyPath: m_LocalEulerAnglesHint.z
      value: 90
      objectReference: {fileID: 0}
    - target: {fileID: 1735580576298088634, guid: 320b1c2af77554f99a1658df4a6d3d5c,
        type: 3}
      propertyPath: m_LocalPosition.x
      value: -0.024933599
      objectReference: {fileID: 0}
    - target: {fileID: 1735580576298088634, guid: 320b1c2af77554f99a1658df4a6d3d5c,
        type: 3}
      propertyPath: m_LocalPosition.y
      value: 0.00000024716573
      objectReference: {fileID: 0}
    - target: {fileID: 1735580576298088634, guid: 320b1c2af77554f99a1658df4a6d3d5c,
        type: 3}
      propertyPath: m_LocalPosition.z
      value: 0.0000000070473902
      objectReference: {fileID: 0}
    - target: {fileID: 1735580576298088634, guid: 320b1c2af77554f99a1658df4a6d3d5c,
        type: 3}
      propertyPath: m_LocalRotation.w
      value: 0.70706433
      objectReference: {fileID: 0}
    - target: {fileID: 1735580576298088634, guid: 320b1c2af77554f99a1658df4a6d3d5c,
        type: 3}
      propertyPath: m_LocalRotation.x
      value: -0.007750228
      objectReference: {fileID: 0}
    - target: {fileID: 1735580576298088634, guid: 320b1c2af77554f99a1658df4a6d3d5c,
        type: 3}
      propertyPath: m_LocalRotation.y
      value: 0.007750228
      objectReference: {fileID: 0}
    - target: {fileID: 1735580576298088634, guid: 320b1c2af77554f99a1658df4a6d3d5c,
        type: 3}
      propertyPath: m_LocalRotation.z
      value: 0.70706433
      objectReference: {fileID: 0}
    - target: {fileID: 1735580576298088634, guid: 320b1c2af77554f99a1658df4a6d3d5c,
        type: 3}
      propertyPath: m_LocalEulerAnglesHint.x
      value: -1.256
      objectReference: {fileID: 0}
    - target: {fileID: 1735580576298088634, guid: 320b1c2af77554f99a1658df4a6d3d5c,
        type: 3}
      propertyPath: m_LocalEulerAnglesHint.z
      value: 90
      objectReference: {fileID: 0}
    - target: {fileID: 3436763942930711115, guid: 320b1c2af77554f99a1658df4a6d3d5c,
        type: 3}
      propertyPath: m_LocalPosition.x
      value: -0.0743
      objectReference: {fileID: 0}
    - target: {fileID: 3436763942930711115, guid: 320b1c2af77554f99a1658df4a6d3d5c,
        type: 3}
      propertyPath: m_LocalPosition.y
      value: 0.0091
      objectReference: {fileID: 0}
    - target: {fileID: 3436763942930711115, guid: 320b1c2af77554f99a1658df4a6d3d5c,
        type: 3}
      propertyPath: m_LocalPosition.z
      value: 0.02
      objectReference: {fileID: 0}
    - target: {fileID: 3436763942930711115, guid: 320b1c2af77554f99a1658df4a6d3d5c,
        type: 3}
      propertyPath: m_LocalRotation.w
      value: 0.9803885
      objectReference: {fileID: 0}
    - target: {fileID: 3436763942930711115, guid: 320b1c2af77554f99a1658df4a6d3d5c,
        type: 3}
      propertyPath: m_LocalRotation.x
      value: -0.071284026
      objectReference: {fileID: 0}
    - target: {fileID: 3436763942930711115, guid: 320b1c2af77554f99a1658df4a6d3d5c,
        type: 3}
      propertyPath: m_LocalRotation.y
      value: 0.13225684
      objectReference: {fileID: 0}
    - target: {fileID: 3436763942930711115, guid: 320b1c2af77554f99a1658df4a6d3d5c,
        type: 3}
      propertyPath: m_LocalRotation.z
      value: 0.1275346
      objectReference: {fileID: 0}
    - target: {fileID: 3436763942930711115, guid: 320b1c2af77554f99a1658df4a6d3d5c,
        type: 3}
      propertyPath: m_LocalEulerAnglesHint.x
      value: -9.992001
      objectReference: {fileID: 0}
    - target: {fileID: 3436763942930711115, guid: 320b1c2af77554f99a1658df4a6d3d5c,
        type: 3}
      propertyPath: m_LocalEulerAnglesHint.y
      value: 14.173
      objectReference: {fileID: 0}
    - target: {fileID: 3436763942930711115, guid: 320b1c2af77554f99a1658df4a6d3d5c,
        type: 3}
      propertyPath: m_LocalEulerAnglesHint.z
      value: 13.578001
      objectReference: {fileID: 0}
    - target: {fileID: 6448526884845150325, guid: 320b1c2af77554f99a1658df4a6d3d5c,
        type: 3}
      propertyPath: m_LocalPosition.x
      value: -0.24796997
      objectReference: {fileID: 0}
    - target: {fileID: 6448526884845150325, guid: 320b1c2af77554f99a1658df4a6d3d5c,
        type: 3}
      propertyPath: m_LocalPosition.y
      value: -0.018968133
      objectReference: {fileID: 0}
    - target: {fileID: 6448526884845150325, guid: 320b1c2af77554f99a1658df4a6d3d5c,
        type: 3}
      propertyPath: m_LocalPosition.z
      value: -0.13130713
      objectReference: {fileID: 0}
    - target: {fileID: 6448526884845150325, guid: 320b1c2af77554f99a1658df4a6d3d5c,
        type: 3}
      propertyPath: m_LocalRotation.w
      value: 0.67000496
      objectReference: {fileID: 0}
    - target: {fileID: 6448526884845150325, guid: 320b1c2af77554f99a1658df4a6d3d5c,
        type: 3}
      propertyPath: m_LocalRotation.x
      value: 0.5388485
      objectReference: {fileID: 0}
    - target: {fileID: 6448526884845150325, guid: 320b1c2af77554f99a1658df4a6d3d5c,
        type: 3}
      propertyPath: m_LocalRotation.y
      value: 0.2806702
      objectReference: {fileID: 0}
    - target: {fileID: 6448526884845150325, guid: 320b1c2af77554f99a1658df4a6d3d5c,
        type: 3}
      propertyPath: m_LocalRotation.z
      value: -0.42656755
      objectReference: {fileID: 0}
    - target: {fileID: 6448526884845150325, guid: 320b1c2af77554f99a1658df4a6d3d5c,
        type: 3}
      propertyPath: m_LocalEulerAnglesHint.x
      value: 74.052
      objectReference: {fileID: 0}
    - target: {fileID: 6448526884845150325, guid: 320b1c2af77554f99a1658df4a6d3d5c,
        type: 3}
      propertyPath: m_LocalEulerAnglesHint.y
      value: -17.716002
      objectReference: {fileID: 0}
    - target: {fileID: 6448526884845150325, guid: 320b1c2af77554f99a1658df4a6d3d5c,
        type: 3}
      propertyPath: m_LocalEulerAnglesHint.z
      value: -78.375
      objectReference: {fileID: 0}
    - target: {fileID: 7508786333795628134, guid: 320b1c2af77554f99a1658df4a6d3d5c,
        type: 3}
      propertyPath: m_LocalRotation.w
      value: 0.7070618
      objectReference: {fileID: 0}
    - target: {fileID: 7508786333795628134, guid: 320b1c2af77554f99a1658df4a6d3d5c,
        type: 3}
      propertyPath: m_LocalRotation.x
      value: -0.007972395
      objectReference: {fileID: 0}
    - target: {fileID: 7508786333795628134, guid: 320b1c2af77554f99a1658df4a6d3d5c,
        type: 3}
      propertyPath: m_LocalRotation.y
      value: 0.007972395
      objectReference: {fileID: 0}
    - target: {fileID: 7508786333795628134, guid: 320b1c2af77554f99a1658df4a6d3d5c,
        type: 3}
      propertyPath: m_LocalRotation.z
      value: 0.7070618
      objectReference: {fileID: 0}
    - target: {fileID: 7508786333795628134, guid: 320b1c2af77554f99a1658df4a6d3d5c,
        type: 3}
      propertyPath: m_LocalEulerAnglesHint.x
      value: -1.292
      objectReference: {fileID: 0}
    - target: {fileID: 7508786333795628134, guid: 320b1c2af77554f99a1658df4a6d3d5c,
        type: 3}
      propertyPath: m_LocalEulerAnglesHint.z
      value: 90
      objectReference: {fileID: 0}
    - target: {fileID: 8906963752136368121, guid: 320b1c2af77554f99a1658df4a6d3d5c,
        type: 3}
      propertyPath: m_LocalRotation.w
      value: 0.70706385
      objectReference: {fileID: 0}
    - target: {fileID: 8906963752136368121, guid: 320b1c2af77554f99a1658df4a6d3d5c,
        type: 3}
      propertyPath: m_LocalRotation.x
      value: -0.0077933907
      objectReference: {fileID: 0}
    - target: {fileID: 8906963752136368121, guid: 320b1c2af77554f99a1658df4a6d3d5c,
        type: 3}
      propertyPath: m_LocalRotation.y
      value: 0.0077933907
      objectReference: {fileID: 0}
    - target: {fileID: 8906963752136368121, guid: 320b1c2af77554f99a1658df4a6d3d5c,
        type: 3}
      propertyPath: m_LocalRotation.z
      value: 0.70706385
      objectReference: {fileID: 0}
    - target: {fileID: 8906963752136368121, guid: 320b1c2af77554f99a1658df4a6d3d5c,
        type: 3}
      propertyPath: m_LocalEulerAnglesHint.x
      value: -1.263
      objectReference: {fileID: 0}
    - target: {fileID: 8906963752136368121, guid: 320b1c2af77554f99a1658df4a6d3d5c,
        type: 3}
      propertyPath: m_LocalEulerAnglesHint.z
      value: 90
      objectReference: {fileID: 0}
    m_RemovedComponents: []
  m_SourcePrefab: {fileID: 100100000, guid: 320b1c2af77554f99a1658df4a6d3d5c, type: 3}
--- !u!4 &7102542958533423847 stripped
Transform:
  m_CorrespondingSourceObject: {fileID: -4216859302048453862, guid: 320b1c2af77554f99a1658df4a6d3d5c,
    type: 3}
  m_PrefabInstance: {fileID: 2876667656806570493}
  m_PrefabAsset: {fileID: 0}
